<?xml version="1.0" encoding="UTF-8"?><collection xmlns="http://www.loc.gov/MARC21/slim"><record><leader>00434nam--2200181-i-4500</leader><controlfield tag="001">000028390</controlfield><controlfield tag="002">20161230</controlfield><controlfield tag="005">20161230201037</controlfield><controlfield tag="008">060222s1000------------r-----000-0-cze-d</controlfield><datafield ind1=" " ind2=" " tag="040"><subfield code="a">IFIN-HH</subfield></datafield><datafield ind1=" " ind2=" " tag="041"><subfield code="a">cze</subfield></datafield><datafield ind1=" " ind2=" " tag="080"><subfield code="a">539.2</subfield></datafield><datafield ind1="1" ind2=" " tag="100"><subfield code="a">Kittel, Charles</subfield></datafield><datafield ind1="1" ind2="0" tag="245"><subfield code="a">Uvod do fyziky pevnych latek</subfield><subfield code="c">Charles kittel</subfield></datafield><datafield ind1=" " ind2=" " tag="260"><subfield code="a">Praha</subfield><subfield code="b">Academia</subfield><subfield code="c">1985</subfield></datafield><datafield ind1=" " ind2=" " tag="300"><subfield code="a">598P</subfield></datafield><datafield ind1=" " ind2=" " tag="852"><subfield code="a">73520</subfield><subfield code="c">539.2</subfield></datafield><datafield ind1=" " ind2=" " tag="CAT"><subfield code="a">Sys</subfield><subfield code="c">20121108</subfield><subfield code="h">162411</subfield></datafield></record></collection>